@article{martins2019automaccao,
  title={Automa{\c{c}}{\~a}o residencial usando protocolo MQTT, Node-RED e Mosquitto Broker com ESP32 e ESP8266},
  author={Martins, Victor Ferreira and others},
  year={2019},
  publisher={Universidade Federal de Uberl{\^a}ndia}
}

@article{fernandes2019desenvolvimento,
	title={Desenvolvimento de plataformas embarcadas aplicadas a implementa{\c{c}}{\~a}o de smart buildings com base no framework SmartLVGrid},
	author={Fernandes, Rubens de Andrade and others},
	year={2019},
	publisher={Universidade do Estado do Amazonas}
}

@article{magalhaes2011automaccao,
	title={Automa{\c{c}}{\~a}o e controle em sistema de aproveitamento de {\'a}gua de chuva para fins não pot{\'a}veis},
	author={Magalhaes, Lilia Rodrigues Lucas},
	year={2011}
}

@article{de2017sistema,
	title={Sistema Automatizado de Controle de Abasteci-mento de {\'A}gua Proveniente de Po{\c{c}}os Artesianos com Monitoramento Remoto},
	author={de Oliveira, Adailton Medeiros Rodrigues and Cavalcanti, Gustavo Oliveira},
	journal={Revista de Engenharia e Pesquisa Aplicada},
	volume={2},
	number={2},
	year={2017}
}

@article{froiz2018design,
	title={Design, implementation and practical evaluation of an IoT home automation system for fog computing applications based on MQTT and ZigBee-WiFi sensor nodes},
	author={Froiz-M{\'\i}guez, Iv{\'a}n and Fern{\'a}ndez-Caram{\'e}s, Tiago M and Fraga-Lamas, Paula and Castedo, Luis},
	journal={Sensors},
	volume={18},
	number={8},
	pages={2660},
	year={2018},
	publisher={Multidisciplinary Digital Publishing Institute}
}

@book{gonzalez2015embedded,
	title={Embedded Linux Projects Using Yocto Project Cookbook},
	author={Gonz{\'a}lez, Alex},
	year={2015},
	publisher={Packt Publishing Ltd}
}

@book{redeswireless,
	title={Redes Wireless},
	author={Fabíola Ventavoli, Marco Ricanello},
	year={2014},
	publisher={Fabíola Ventavoli; 2º edição (19 novembro 2014)}
}

@book{internetdascoisassemmisterios,
	title={internet das Coisas Sem Mistérios: Uma nova inteligência para os negócios},
	author={Renata Rampim de Freitas Dias},
	year={2016},
	publisher={NETPRESS BOOKS}
}

@misc{BizMeet,
	title={Gartner aponta tendências estratégicas para 2017 na área de TI},
	url={http://news.bizmeet.com.br/},
	organization={BizMeet},
	urlaccessdate={17 set. 2020},
	year={2017}
}

@misc{EletroctronicsTutorials,
	title={Hall Effect Sensor},
	url={https://www.electronics-tutorials.ws/electromagnetism/hall-effect.html},
	organization={Eletroctronics Tutorials},
	urlaccessdate={17 set. 2021},
	year={2021}
}

@misc{Embarcados,
	title={Apresentando o módulo ESP8266},
	url={https://www.embarcados.com.br/modulo-esp8266/},
	organization={Embarcados},
	urlaccessdate={19 nov. 2021},
	year={2015}
}

@misc{Hyperphysics,
	title={Hall Efect},
	url={http://hyperphysics.phy-astr.gsu.edu/hbase/magnetic/Hall.html},
	organization={Hyperphysics},
	urlaccessdate={01 dez. 2021},
	year={2021}
}


@misc{Citisystems,
	title={Como funciona a válvula solenoide e quais seus tipos?},
	url={https://www.citisystems.com.br/valvula-solenoide/},
	organization={Citisystems},
	urlaccessdate={30 nov. 2021},
	year={2017}
}

@misc{SmartSoluctionsForHome,
	title={How to program an ESP8266 - With and Without Arduino},
	url={https://smartsolutions4home.com/how-to-program-esp8266/},
	organization={Smart Soluctions For Home},
	urlaccessdate={21 nov. 2021},
	year={2020}
}

@misc{FernandoK,
	title={NodeMCU ESP8266: Detalhes e Pinagem},
	url={https://www.fernandok.com/2018/05/nodemcu-esp8266-detalhes-e-pinagem.html},
	organization={Fernando K},
	urlaccessdate={19 nov. 2021},
	year={2019}
}

@article{boylestad2004dispositivos,
	title={Dispositivos eletr{\^o}nicos},
	author={Boylestad, Robert L and Nashelsky, L and Hall, Prentice and Sedra, AS and Smith, KC},
	journal={Editora: Person Education do Brasil Ltda},
	year={2004}
}

@misc{yocto,
	title={The yocto project.  it's not an embedded linux distribution,
	it creates a custom one for you.},
	url={https://www.yoctoproject.org/},
	organization={YoctoProject},
	urlaccessdate={20 set. 2020}
}

@misc{globo,
	title={Desperdício de água aumenta pelo terceiro ano seguido no Brasil.},
	url={globo.com},
	organization={Globo},
	urlaccessdate={20 set. 2020}
}
@Article{Perera2014,
	author    = {Charith Perera and Chi Harold Liu and Srimal Jayawardena and Min Chen},
	title     = {A Survey on Internet of Things From Industrial Market Perspective},
	journal   = {{IEEE} Access},
	year      = {2014},
	volume    = {2},
	pages     = {1660--1679},
	doi       = {10.1109/access.2015.2389854},
	publisher = {Institute of Electrical and Electronics Engineers ({IEEE})},
}
